<?xml version="1.0" encoding="UTF-8"?><record xmlns="http://www.loc.gov/MARC21/slim" xmlns:cinclude="http://apache.org/cocoon/include/1.0" xmlns:zs="http://www.loc.gov/zing/srw/">
  <leader>00699cz  a2200181n  4500</leader>
  <controlfield tag="001">nr 92040935 </controlfield>
  <controlfield tag="003">DLC</controlfield>
  <controlfield tag="005">20130312101705.0</controlfield>
  <controlfield tag="008">921118n| azannaab           |a aaa     c</controlfield>
  <datafield tag="010" ind1=" " ind2=" ">
    <subfield code="a">nr 92040935 </subfield>
  </datafield>
  <datafield tag="035" ind1=" " ind2=" ">
    <subfield code="a">(Uk)tb039106</subfield>
  </datafield>
  <datafield tag="040" ind1=" " ind2=" ">
    <subfield code="a">Uk/ESTC-NA</subfield>
    <subfield code="b">eng</subfield>
    <subfield code="e">rda</subfield>
    <subfield code="c">ESTC-NA</subfield>
    <subfield code="d">DLC</subfield>
  </datafield>
  <datafield tag="046" ind1=" " ind2=" ">
    <subfield code="g">1780</subfield>
  </datafield>
  <datafield tag="100" ind1="1" ind2=" ">
    <subfield code="a">Jones, Evan,</subfield>
    <subfield code="d">-1780</subfield>
  </datafield>
  <datafield tag="400" ind1="1" ind2=" ">
    <subfield code="w">nnea</subfield>
    <subfield code="a">Jones, Evan,</subfield>
    <subfield code="d">d. 1780</subfield>
  </datafield>
  <datafield tag="667" ind1=" " ind2=" ">
    <subfield code="a">Data provided by the ESTC/BL</subfield>
  </datafield>
  <datafield tag="670" ind1=" " ind2=" ">
    <subfield code="a">His Paul's farewell to the church at Corinth, 1764:</subfield>
    <subfield code="b">t.p. (Evan Jones, V.D.M.)</subfield>
  </datafield>
  <datafield tag="670" ind1=" " ind2=" ">
    <subfield code="a">Surman, C.E. Card index of Congregational, including some Independant, Presbyterian and Unitarian ministers, 1640-1956</subfield>
    <subfield code="b">(Jones, Evan; d. 1780; M. at Spaldwick, Reading, Little Baddow)</subfield>
  </datafield>
</record>